<?xml version="1.0" encoding="UTF-8"?><collection xmlns="http://www.loc.gov/MARC21/slim"><record><leader>00443nam--2200133-i-4500</leader><controlfield tag="001">000004528</controlfield><controlfield tag="002">20161230</controlfield><controlfield tag="005">20161230201025</controlfield><controlfield tag="008">060222s1000------------r-----000-0-eng-d</controlfield><datafield ind1=" " ind2=" " tag="100"><subfield code="a">Bettoni,M.,Bertolini,G.,Bisi,A</subfield></datafield><datafield ind1=" " ind2=" " tag="245"><subfield code="a">Ionizazione totale delle particlle   del polo nio in argon e azoto</subfield></datafield><datafield ind1=" " ind2=" " tag="260"><subfield code="a">Milano,Inst.Di Fisica Sperimentale Del Politec Nico ,1952. 4p + 2 Fig</subfield></datafield><datafield ind1=" " ind2=" " tag="490"><subfield code="a">Estratto Da:Il Nuovo Cimento,9-1004/1952</subfield></datafield><datafield ind1=" " ind2=" " tag="852"><subfield code="a">5979</subfield></datafield></record></collection>